@Article{Benson76,
  title =	"Life in the game of Go",
  author =	"David B. Benson",
  journal =	"Inf. Sci",
  year = 	"1976",
  number =	"1",
  volume =	"10",
  bibdate =	"2004-06-24",
  bibsource =	"DBLP,
		 http://dblp.uni-trier.de/db/journals/isci/isci10.html#Benson76",
  pages =	"17--29",
  URL =  	"http://dx.doi.org/10.1016/0020-0255(76)90059-1",
}

% http://www.ideanest.com/vegos/MonteCarloGo.pdf
@Misc{Bruegmann93,
  author =	"Bernd Br{\"u}gmann",
  title =	"Monte Carlo Go",
  year = 	"1993",
  note = 	"Unpublished manuscript",
  howpublished = "Available from \texttt{ftp://ftp.cse.cuhk.edu.hk/pub/neuro/GO/mcgo.tex}",
  month =	mar,
  learning =	"Statistical",
  game = 	"Go",
  available =	"y",
  URL =  	"ftp://ftp.cse.cuhk.edu.hk/pub/neuro/GO/mcgo.tex",
}

@techreport{Burmeister,
  author = {Jay Burmeister and Janet Wiles},
  title = {Computer Go Tech Report},
  year = {1995},
  number = {CS-TR-339},
  institution = {The University of Queensland},
  url = {http://www.itee.uq.edu.au/~janetw/Computer%20Go/CS-TR-339.html}
}

@misc{GTP,
  author = {Nikos Drakos and Ross Moore},
  title = {Specification of the Go Text Protocol},
  edition = {Second},
  note = {2nd draft},
  year = {1999},
  url = {http://www.lysator.liu.se/%7Egunnar/gtp/gtp2-spec-draft2/gtp2-spec.html}
}

%http://www.ecma-international.org/publications/files/ECMA-ST/Ecma-262.pdf
@Book{ECMA-262,
  author =	"{ECMA}",
  title =	"{ECMA-262}: {ECMAScript} Language Specification",
  publisher =	"ECMA (European Association for Standardizing
		 Information and Communication Systems)",
  address =	"pub-ECMA:adr",
  edition =	"Third",
  month =	dec,
  year = 	"1999",
  bibdate =	"Thu Feb 22 08:43:46 MST 2001",
  bibsource =	"http://www.ecma-international.org/publications/standards/Standard.htm",
  URL =  	"http://www.ecma.ch/ecma1/STAND/ECMA-262.HTM",
  acknowledgement = "Nelson H. F. Beebe, University of Utah, Department
		 of Mathematics, 110 LCB, 155 S 1400 E RM 233, Salt Lake
		 City, UT 84112-0090, USA, Tel: +1 801 581 5254, FAX: +1
		 801 581 4148, e-mail: \path|beebe@math.utah.edu|,
		 \path|beebe@acm.org|, \path|beebe@computer.org|
		 (Internet), URL:
		 \path|http://www.math.utah.edu/~beebe/|",
  ecmanumber =	"ECMA-262",
}

@Misc{Enzenberger96,
  author =	"M. Enzenberger",
  title =	"The Intergration of {A} Priori Knowledge into a Go
		 Playing Neural Network",
  year = 	"1996",
  url = {http://www.cgl.ucsf.edu/go/Programs/NeuroGo.pdf}
}

@Article{Good65,
  author =	"I. J. Good",
  journal =	"New Scientist",
  key =  	"Good65",
  note = 	"also in D.N.L. Levy (editor) Computer Games I+II vol.
		 2, Springer, pages 87-93, 1988",
  pages =	"172--174",
  title =	"The mystery of Go",
  volume =	"427",
  year = 	"1965",
}

@Article{Muller2002,
  author =	"Martin M{\"u}ller",
  title =	"Computer Go",
  journal =	"Artificial Intelligence",
  year = 	"2002",
  volume =	"134",
  number =	"1--2",
  pages =	"145--179",
  topic =	"computer-games;search;game-trees;",
}

@Article{RichardsMM98,
  title =	"Evolving Neural Networks to Play Go",
  author =	"Norman Richards and David E. Moriarty and Risto
		 Miikkulainen",
  journal =	"Appl. Intell",
  year = 	"1998",
  number =	"1",
  volume =	"8",
  bibdate =	"2003-12-02",
  bibsource =	"DBLP,
		 http://dblp.uni-trier.de/db/journals/apin/apin8.html#RichardsMM98",
  pages =	"85--96",
  url = {http://www.inventivity.com/OpenGo/Papers/Zipped/EvolvingNNforGo-RIchards.ps.zip}
}

@TechReport{Zobrist1970b,
  author =	"A. L. Zobrist",
  title =	"A New Hashing Method with Application for Game
		 Playing",
  number =	"88",
  institution =  "Univ. of Wisconsin",
  year = 	"1970",
  url = {http://www.cs.wisc.edu/techreports/1970/TR88.pdf}
}

@misc{Wolfe,
  author = {David Wolfe},
  title = {Go Endgames are PSPACE-Hard},
  series = {More Games of No Chance},
  volume = 42,
  publisher = {MSRI Publications},
  year = 2002,
  url = {http://www.msri.org/publications/books/Book42/files/wolfe.pdf}
}
